@web_page{1,
   title = {Digital Credentials: why blockchain is the new standard},
   url = {https://www.bcdiploma.com/en/blog/digital-credentials-blockchain-new-standard-2021-05-05},
}
@web_page{2,
   title = {Security In Blockchain: The Future of Digital Credentials | Reimagine Education Conference and Awards},
   url = {https://www.reimagine-education.com/security-in-blockchain-digital-credentials/},
}
@web_page{3,
   title = {Building the digital credential infrastructure for the future},
   url = {https://digitalcredentials.mit.edu/wp-content/uploads/2020/02/white-paper-building-digital-credential-infrastructure-future.pdf},
}
@web_page{4,
   title = {What are the benefits of a digital credentials platform? | Digitary},
   url = {https://www.digitary.net/what-are-the-benefits-of-a-digital-credentials-platform/},
}
@article{5,
author = {Myers, Brad A.},
title = {A Brief History of Human-Computer Interaction Technology},
year = {1998},
issue_date = {March/April 1998},
publisher = {Association for Computing Machinery},
address = {New York, NY, USA},
volume = {5},
number = {2},
issn = {1072-5520},
url = {https://doi.org/10.1145/274430.274436},
doi = {10.1145/274430.274436},
journal = {Interactions},
month = {mar},
pages = {44–54},
numpages = {11},
}
@inproceedings{6,
author = {J\o{}rgensen, Anker Helms and Myers, Brad A.},
title = {User Interface History},
year = {2008},
isbn = {9781605580128},
publisher = {Association for Computing Machinery},
url = {https://doi.org/10.1145/1358628.1358696},
doi = {10.1145/1358628.1358696},
booktitle = {CHI '08 Extended Abstracts on Human Factors in Computing Systems},
pages = {2415–2418},
numpages = {4},
keywords = {user interface history},
location = {Florence, Italy},
series = {CHI EA '08}
}
@article{7,
  title={User friendly: A short history of the graphical user interface},
  author={Barnes, Susan B},
  journal={Sacred Heart University Review},
  volume={16},
  number={1},
  pages={4},
  year={2010}
}
@inproceedings{8,
author = {J\o{}rgensen, Anker Helms},
title = {Taking Stock of User Interface History},
year = {2008},
isbn = {9781595937049},
publisher = {Association for Computing Machinery},
url = {https://doi.org/10.1145/1463160.1463224},
doi = {10.1145/1463160.1463224},
booktitle = {Proceedings of the 5th Nordic Conference on Human-Computer Interaction: Building Bridges},
pages = {479–482},
numpages = {4},
keywords = {HCI history, history of computing, history of technology, user interface history},
location = {Lund, Sweden},
series = {NordiCHI '08}
}
@article{9,
  author    = {Stefan Hellweger and
               Xiaofeng Wang},
  title     = {What is User Experience Really: towards a {UX} Conceptual Framework},
  journal   = {CoRR},
  volume    = {abs/1503.01850},
  year      = {2015},
  url       = {http://arxiv.org/abs/1503.01850},
  eprinttype = {arXiv},
  eprint    = {1503.01850},
  timestamp = {Mon, 13 Aug 2018 16:47:38 +0200},
  biburl    = {https://dblp.org/rec/journals/corr/HellwegerW15.bib},
  bibsource = {dblp computer science bibliography, https://dblp.org}
}
@inproceedings{10,
author = {Obrist, Marianna and Roto, Virpi and V\"{a}\"{a}n\"{a}nen-Vainio-Mattila, Kaisa},
title = {User Experience Evaluation: Do You Know Which Method to Use?},
year = {2009},
isbn = {9781605582474},
publisher = {Association for Computing Machinery},
url = {https://doi.org/10.1145/1520340.1520401},
doi = {10.1145/1520340.1520401},
booktitle = {CHI '09 Extended Abstracts on Human Factors in Computing Systems},
pages = {2763–2766},
numpages = {4},
keywords = {user experience, evaluation methods},
location = {Boston, MA, USA},
series = {CHI EA '09}
}
@article{11,
    doi = {10.1371/journal.pone.0180102},
    author = {Tsai, Tsai-Hsuan AND Chang, Hsien-Tsung AND Chen, Yan-Jiun AND Chang, Yung-Sheng},
    journal = {PLOS ONE},
    publisher = {Public Library of Science},
    title = {Determinants of user acceptance of a specific social platform for older adults: An empirical examination of user interface characteristics and behavioral intention},
    year = {2017},
    month = {08},
    volume = {12},
    url = {https://doi.org/10.1371/journal.pone.0180102},
    pages = {1-23},
    number = {8},
}
@misc{12,
   author = {Guntupalli, Ravi Chandra Chaitanya},
   pages = {42},
   school = {University West, Department of Economics and IT},
   title = {User interface design : methods and qualities of a good user interface design},
   keywords = {Datorprogram, Programvara, kvalitetskontroll, Användargränssnitt},
   year = {2008}
}
@article{13,
author = {Akiki, Pierre A. and Bandara, Arosha K. and Yu, Yijun},
title = {Adaptive Model-Driven User Interface Development Systems},
year = {2014},
issue_date = {July 2014},
publisher = {Association for Computing Machinery},
address = {New York, NY, USA},
volume = {47},
number = {1},
issn = {0360-0300},
url = {https://doi.org/10.1145/2597999},
doi = {10.1145/2597999},
journal = {ACM Comput. Surv.},
month = {may},
articleno = {9},
numpages = {33},
keywords = {model-driven engineering, Adaptive user interfaces}
}
@article{14,
  title={Design and Build Academic Website with Digital Certificate Storage Using Blockchain Technology},
  author={Faaroek, Safiani A and Panjaitan, Aropria Saulina and Fauziah, Zaleha and Septiani, Nanda},
  journal={IAIC Transactions on Sustainable Digital Innovation (ITSDI)},
  volume={3},
  number={2},
  pages={175--184},
  year={2022}
}
@article{15,
  title={Past, present, and future of model-based user interface development},
  author={Meixner, Gerrit and Patern{`o}, Fabio and Vanderdonckt, Jean},
  journal={i-com},
  volume={10},
  number={3},
  pages={2--11},
  year={2011},
  publisher={Oldenbourg Wissenschaftsverlag}
}
@article{15,
title = {Adaptive user interfaces and universal usability through plasticity of user interface design},
journal = {Computer Science Review},
volume = {40},
pages = {100363},
year = {2021},
issn = {1574-0137},
doi = {https://doi.org/10.1016/j.cosrev.2021.100363},
url = {https://www.sciencedirect.com/science/article/pii/S1574013721000034},
author = {Mahdi H. Miraz and Maaruf Ali and Peter S. Excell},
keywords = {User interface (UI), Dynamic UI Design, Plasticity, Adaptive user interface (AUI), Universal usability, Interaction design, Inclusive Design, Design for All},
}
@article{16,
author = { H.   REX HARTSON  and  DEBORAH   BOEHM-DAVIS },
title = {User interface development processes and methodologies},
journal = {Behaviour \& Information Technology},
volume = {12},
number = {2},
pages = {98-114},
year  = {1993},
publisher = {Taylor & Francis},
doi = {10.1080/01449299308924371},
url = {https://doi.org/10.1080/01449299308924371},
eprint = {https://doi.org/10.1080/01449299308924371}
}
@article{17,
    author = {Savidis, Anthony and Stephanidis, Constantine},
    title = "{Unified user interface design: designing universally accessible interactions}",
    journal = {Interacting with Computers},
    volume = {16},
    number = {2},
    pages = {243-270},
    year = {2004},
    month = {04},
    issn = {0953-5438},
    doi = {10.1016/j.intcom.2003.12.003},
    url = {https://doi.org/10.1016/j.intcom.2003.12.003},
    eprint = {https://academic.oup.com/iwc/article-pdf/16/2/243/2147562/iwc16-0243.pdf},
}
@article{18,
  title={A Study on User Interface and User Experience Designs and its Tools},
  author={Sharma, Vatsal and Tiwari, Ankit Kumar},
  journal={World J. Res. Rev.(WJRR) ISSN2455-3956},
  volume={12},
  number={6},
  pages={41--44},
  year={2021}
}
@article{19,
  title={Generating web-based user interfaces for computational science},
  author={van Hemert, Jano and Koetsier, Jos and Torterolo, Livia and Porro, Ivan and Melato, Maurizio and Barbera, Roberto},
  journal={Concurrency and Computation: Practice and Experience},
  volume={23},
  number={3},
  pages={256--268},
  year={2011},
  publisher={Wiley Online Library}
}
@incollection{20,
title = {Usability is Quality of Use},
editor = {Yuichiro Anzai and Katsuhiko Ogawa and Hirohiko Mori},
series = {Advances in Human Factors/Ergonomics},
publisher = {Elsevier},
volume = {20},
pages = {349-354},
year = {1995},
booktitle = {Symbiosis of Human and Artifact},
issn = {0921-2647},
doi = {https://doi.org/10.1016/S0921-2647(06)80241-8},
url = {https://www.sciencedirect.com/science/article/pii/S0921264706802418},
author = {Nigel Bevan},
}
@article{21,
title = {An approach to the integration of accessibility requirements into a user interface development method},
journal = {Science of Computer Programming},
volume = {86},
pages = {58-73},
year = {2014},
note = {Special issue on Software Support for User Interface Description Languages (UIDL 2011)},
issn = {0167-6423},
doi = {https://doi.org/10.1016/j.scico.2013.04.005},
url = {https://www.sciencedirect.com/science/article/pii/S0167642313001032},
author = {Raúl Miñón and Lourdes Moreno and Paloma Martínez and Julio Abascal},
keywords = {Accessibility, User interface development method, Model driven development, User Interface Description Language},
}
